<?xml version="1.0" encoding="UTF-8"?><collection xmlns="http://www.loc.gov/MARC21/slim"><record><leader>00546nam--2200205-u-4500</leader><controlfield tag="001">000052950</controlfield><controlfield tag="002">20161230</controlfield><controlfield tag="005">20161230201050</controlfield><controlfield tag="008">101130s1000------------r-----000-0-eng-d</controlfield><datafield ind1=" " ind2=" " tag="020"><subfield code="a">9780198566731</subfield></datafield><datafield ind1=" " ind2=" " tag="040"><subfield code="a">IFIN-HH</subfield></datafield><datafield ind1=" " ind2=" " tag="080"><subfield code="a">530.145:535</subfield></datafield><datafield ind1="1" ind2=" " tag="100"><subfield code="a">Fox, Mark</subfield></datafield><datafield ind1="1" ind2="0" tag="245"><subfield code="a">Quantum optics;</subfield><subfield code="b">An introductuin;</subfield><subfield code="c">Mark fox</subfield></datafield><datafield ind1=" " ind2=" " tag="260"><subfield code="a">Oxford</subfield><subfield code="b">Oxford University Press</subfield><subfield code="c">2006</subfield></datafield><datafield ind1=" " ind2=" " tag="300"><subfield code="a">378 P</subfield></datafield><datafield ind1=" " ind2=" " tag="490"><subfield code="a">Oxfrord Master Series In Physics</subfield><subfield code="v">Vol. 6</subfield></datafield><datafield ind1=" " ind2="0" tag="650"><subfield code="a">Quantum optics</subfield></datafield><datafield ind1=" " ind2=" " tag="852"><subfield code="a">82228</subfield><subfield code="c">535</subfield></datafield><datafield ind1=" " ind2=" " tag="CAT"><subfield code="a">Sys</subfield><subfield code="c">20101130</subfield><subfield code="h">123804</subfield></datafield></record></collection>